[9] 陈剑.上博简《民之父母》“而得既塞於四海矣”句解释[EB/OL].简帛研究 网站，http://www.bamboosilk.org/Wssf/2003/chenjian03.htm.2003-01-18

@online{whu-bachelor:9,
  author       = {陈剑},
  title        = {上博简《民之父母》“而得既塞於四海矣”句解释},
  url          = {http://www.bamboosilk.org/Wssf/2003/chenjian03.htm},
  date         = {2003-01-18},
}

4 著录项目和著录格式
4.1 专著
4.1.2 著录格式

@book{4.1.2:1,
  author       = {陈登原},
  title        = {国史旧闻},
  volume       = {1},
  address      = {北京},
  publisher    = {中华书局},
  year         = {2000},
  pages        = {29},
}

@book{4.1.2:2,
  author       = {哈里森·沃尔德伦},
  translator   = {谢远涛},
  title        = {经济数学与金融数学},
  address      = {北京},
  publisher    = {中国人民大学出版社},
  year         = {2012},
  pages        = {235--236},
}

@book{4.1.2:3,
  author       = {北京市政协民族和宗教委员会 and 北京联合大学民族与宗教研究所},
  title        = {历代王朝与民族宗教},
  address      = {北京},
  publisher    = {民族出版社},
  year         = {2012},
  pages        = {112},
}

@standard{4.1.2:4,
  author       = {全国信息与文献标准化技术委员会},
  title        = {信息与文献\quad 都柏林核心元数据元素集},
  number       = {GB/T 25100—2010},
  address      = {北京},
  publisher    = {中国标准出版社},
  year         = {2010},
  pages        = {2--3},
}

@book{4.1.2:5,
  author       = {徐光宪 and 王祥云},
  title        = {物质结构},
  address      = {北京},
  publisher    = {科学出版社},
  year         = {2010},
}

@book{4.1.2:6,
  author       = {顾炎武},
  title        = {昌平山水记: 京东考古录},
  address      = {北京},
  publisher    = {北京古籍出版社},
  year         = {1992},
}

@book{4.1.2:7,
  author       = {王夫之},
  title        = {宋论},
  edition      = {刻本},
  address      = {金陵},
  publisher    = {湘乡曾国荃},
  year         = {1865(清同治四年)},
}

@proceedings{4.1.2:8,
  editor       = {牛志明 and 斯温兰德 and 雷光春},
  title        = {综合湿地管理国际研讨会论文集},
  address      = {北京},
  publisher    = {海洋出版社},
  year         = {2012},
}

@archive{4.1.2:9,
  author       = {中国第一历史档案馆 and 辽宁省档案馆},
  title        = {中国明朝档案总汇},
  address      = {桂林},
  publisher    = {广西师范大学出版社},
  year         = {2001},
}

@phdthesis{4.1.2:10,
  author       = {杨保军},
  title        = {新闻道德论},
  address      = {北京},
  publisher    = {中国人民大学出版社},
  year         = {2012},
  urldate      = {2012-11-01},
  url          = {http://apabi.lib.pku.edu.cn/usp/pku/pub.mvc?pid=book.detail&metaid=m.20101104-BPO-889-1023&cult=CN},
}

@book{4.1.2:11,
  author       = {赵学功},
  title        = {当代美国外交},
  address      = {北京},
  publisher    = {社会科学文献出版社},
  year         = {2001},
  urldate      = {2014-06-11},
  url          = {http://www.cadal.zju.edu.cn/book/trySinglePage/33023884/1},
}

@book{4.1.2:12,
  author       = {同济大学土木工程防灾国家重点实验室},
  title        = {汶川地震灾害研究},
  address      = {上海},
  publisher    = {同济大学出版社},
  year         = {2011},
  pages        = {5--6},
  urldate      = {2013-05-09},
  url          = {http://apabi.lib.pku.edu.cn/usp/pku/pub.mvc?pid=book.detail&metaid=m.20120406-YPT-889-0010},
}

@book{4.1.2:13,
  author       = {中国造纸学会},
  title        = {中国造纸年鉴: 2003},
  address      = {北京},
  publisher    = {中国轻工业出版社},
  year         = {2003},
  urldate      = {2014-04-25},
  url          = {http://www.cadal.zju.edu.cn/book/view/25010080},
}

@book{4.1.2:14,
  author       = {Peebles, Jr, Peyton Z.},
  title        = {Probability, Random Variables, and Random Signal Principles},
  edition      = {4},
  address      = {New York},
  publisher    = {McGraw-Hill},
  year         = {2001},
}

@proceedings{4.1.2:15,
  editor       = {Yufin, Sergey A},
  title        = {Geoecology and Computers: Proceedings of the {Third International Conference on Advances of Computer Methods in Geotechnical and Geoenvironmental Engineering}, {Moscow, Russia}, {February} 1--4, 2000},
  address      = {Rotterdam},
  publisher    = {A. A. Balkema},
  year         = {2000},
}
  title        = {Geoecology and Computers: Proceedings of the {Third International Conference on Advances of Computer Methods in Geotechnical and Geoenvironmental Engineering}},
  eventdate    = {2000-02-01/2000-02-04},
  venue        = {Moscow, Russia},

@book{4.1.2:16,
  author       = {Baldock, Peter},
  title        = {Developing Early Childhood Services: Past, Present and Future},
  address      = {Rotterdam},
  publisher    = {Open University Press},
  year         = {2011},
  pages        = {105},
  urldate      = {2012-11-27},
  url          = {http://lib.myilibrary.com/Open.aspx?id=312377},
}

@book{4.1.2:17,
  author       = {Fan, Xuetong and Sommers, Christopher H.},
  title        = {Food Irradiation Research and Technology},
  edition      = {2},
  address      = {Ames, Iowa},
  publisher    = {Blackwell Publishing},
  year         = {2013},
  pages        = {25--26},
  urldate      = {2014-06-26},
  url          = {http://onlinelibrary.wiley.com/doi/10.1002/9781118422557.ch2/summary},
}


4.2 专著中的析出文献
4.2.2 著录格式

@incollection{4.2.2:1,
  title        = {周易外传: 卷 5},
  editor       = {王夫之},
  booktitle    = {船山全书},
  number       = {6},
  address      = {长沙},
  publisher    = {岳麓书社},
  year         = {2011},
  pages        = {1109},
}

@incollection{4.2.2:2,
  author       = {程根伟},
  title        = {1998 年长江洪水的成因与减灾对策},
  editor       = {许厚泽 and 赵其国},
  booktitle    = {长江流域洪涝灾害与科技对策},
  address      = {北京},
  publisher    = {科学出版社},
  year         = {1999},
  pages        = {32--36},
}

@incollection{4.2.2:3,
  author       = {陈晋镳 and 张惠民 and 朱士兴 and 赵震 and 王振刚},
  title        = {蓟县震旦亚界研究},
  editor       = {中国地质科学院天津地质矿产研究所},
  booktitle    = {中国震旦亚界},
  address      = {天津},
  publisher    = {天津科学技术出版社},
  year         = {1980},
  pages        = {56--114},
}

@incollection{4.2.2:4,
  author       = {马克思},
  title        = {政治经济学批判},
  editor       = {马克思 and 恩格斯},
  booktitle    = {马克思恩格斯全集},
  volume       = {35},
  address      = {北京},
  publisher    = {人民出版社},
  year         = {2013},
  pages        = {302},
}

@inproceedings{4.2.2:5,
  author       = {贾东琴 and 柯平},
  title        = {面向数字素养的高校图书馆数字服务体系研究},
  editor       = {中国图书馆学会},
  booktitle    = {中国图书馆学会年会论文集},
  volume       = {2011 年卷},
  address      = {北京},
  publisher    = {国家图书馆出版社},
  year         = {2011},
  pages        = {45--52},
}

@incollection{4.2.2:6,
  author       = {Weinstein, L and Swertz, M N},
  title        = {Pathogenic Properties of Invading Microorganism},
  editor       = {Sodeman, Jr, William A and Sodeman, William A},
  booktitle    = {Pathologic physiology: mechanisms of disease},
  address      = {Philadelphia},
  publisher    = {Saunders},
  year         = {1974},
  pages        = {745--772},
}

@incollection{4.2.2:7,
  author       = {Roberson, J. Alan and Burneson, Eric G.},
  title        = {Drinking Water Standards, Regulations and Goals},
  editor       = {{American Water Works Association}},
  booktitle    = {Water quality \& treatment: a handbook on drinking water},
  edition      = {6},
  address      = {New York},
  publisher    = {McGraw-Hill},
  year         = {2011},
  pages        = {1.1--1.36},
  urldate      = {2012-12-10},
  url          = {http://lib.myilibrary.com/Open.aspx?id=291430},
}


4.3 连续出版物
4.3.2 著录格式

@periodical{4.3.2:1,
  author       = {中华医学会湖北分会},
  title        = {临床内科杂志},
  year         = {1984},
  volume       = {1},
  number       = {1},
  address      = {武汉},
  publisher    = {中华医学会湖北分会},
}

@periodical{4.3.2:2,
  author       = {中国图书馆学会},
  title        = {图书馆学通讯},
  year         = {1957/1990},
  number       = {1--4},
  address      = {北京},
  publisher    = {北京图书馆},
}

@periodical{4.3.2:3,
  author       = {{American Association for the Advancement of Science}},
  title        = {Science},
  year         = {1883},
  volume       = {1},
  number       = {1},
  address      = {Washington, D.C.},
  publisher    = {American Association for the Advancement of Science},
}


4.4 连续出版物中的析出文献
4.4.2 著录格式

@article{4.4.2:1,
  author       = {袁训来 and 陈哲 and 肖书海 and others},
  title        = {蓝田生物群: 一个认识多细胞生物起源和早期演化的新窗口},
  journal      = {科学通报},
  year         = {2012},
  volume       = {57},
  number       = {34},
  pages        = {3219},
}

@newspaper{4.4.2:2,
  author       = {余建斌},
  title        = {我们的科技一直在追赶: 访中国工程院院长周济},
  journal      = {人民日报},
  year         = {2013},
  date         = {2013-01-12},
  number       = {2},
  urldate      = {2013-03-20},
  url          = {http://paper.people.com.cn/rmrb/html/2013-01/12/nw.D110000renmrb_20130112_5-02.htm},
}

@article{4.4.2:3,
  author       = {李炳穆},
  title        = {韩国图书馆法},
  journal      = {图书情报工作},
  year         = {2008},
  volume       = {52},
  number       = {6},
  pages        = {6--12},
  urldate      = {2013-10-25},
  url          = {http://www.docin.com/p-400265742.html},
}

@article{4.4.2:4,
  author       = {李幼平 and 王莉},
  title        = {循证医学研究方法: 附视频},
  journal      = {中华移植杂志(电子版)},
  year         = {2010},
  volume       = {4},
  number       = {3},
  pages        = {225--228},
  urldate      = {2014-06-09},
  url          = {http://www.cqvip.com/Read/Read.aspx?id=36658332},
}

@article{4.4.2:5,
  author       = {武丽丽 and 华一新 and 张亚军 and others},
  title        = {“北斗一号”监控管理网设计与实现},
  journal      = {测绘科学},
  year         = {2008},
  volume       = {33},
  number       = {5},
  pages        = {8--9},
  urldate      = {2009-10-25},
  url          = {http://vip.calis.edu.cn/CSTJ/Sear.dll?OPAC_CreateDetail},
  doi          = {10.3771/j.issn.1009-2307.2008.05.002},
}

@article{4.4.2:6,
  author       = {Kanamori, H},
  title        = {Shaking without Quaking},
  journal      = {Science},
  year         = {1998},
  volume       = {279},
  number       = {5359},
  pages        = {2063},
}

@article{4.4.2:7,
  author       = {Caplan, P},
  title        = {Cataloging Internet Resources},
  journal      = {The public access computer systems review},
  year         = {1993},
  volume       = {4},
  number       = {2},
  pages        = {61--66},
}

@article{4.4.2:8,
  author       = {Frese, Karen S. and Katus, Hugo A. and Meder, Benjamin},
  title        = {Next-generation Sequencing: from Understanding Biology to Personalized Medicine},
  journal      = {Biology},
  year         = {2013},
  volume       = {2},
  number       = {1},
  pages        = {378--398},
  urldate      = {2013-03-19},
  url          = {http://www.mdpi.com/2079-7737/2/1/378},
  doi          = {10.3390/biology2010378},
}