[1] 戴军，袁惠新.膜技术在含油废水处理中的应用[J].膜科学与技术，2002，22(2):59-64

@article{whu-bachelor:1,
  author       = {戴军 and 袁惠新},
  title        = {膜技术在含油废水处理中的应用},
  journal      = {膜科学与技术},
  year         = {2002},
  volume       = {22},
  number       = {2},
  pages        = {59--64},
}

[2] 毛侠，孙云.和谐图案的自动生成研究[A].第一届中国情感计算及智能交互 学术会议论文集[C].北京:中国科学院自动化研究所，2003:277-279.

@inproceedings{whu-bachelor:2,
  author       = {毛侠 and 孙云},
  title        = {和谐图案的自动生成研究},
  booktitle    = {第一届中国情感计算及智能交互学术会议论文集},
  address      = {北京},
  publisher    = {中国科学院自动化研究所},
  year         = {2003},
  pages        = {277--279},
}

[3] 王湛.膜分离技术基础[M].北京:化学工业出版社，2000:14-21，30.

@book{whu-bachelor:3,
  author       = {王湛},
  title        = {膜分离技术基础},
  address      = {北京},
  publisher    = {化学工业出版社},
  year         = {2000},
  pages        = {14--21, 30},
}

[4] 张志祥. 间断动力系统的随机扰动及其在守恒律方程中的应用[D].北京:北 京大学数学学院,1998.

@phdthesis{whu-bachelor:4,
  author       = {张志祥},
  title        = {间断动力系统的随机扰动及其在守恒律方程中的应用},
  address      = {北京},
  publisher    = {北京大学数学学院},
  year         = {1998},
}

[5] World Health Organization. Factors regulating the immune response: report of WHO Scientific Group[R]. Geneva: WHO, 1970.

@techreport{whu-bachelor:5,
  author       = {{World Health Organization}},
  title        = {Factors regulating the immune response: report of {WHO Scientific Group}},
  address      = {Geneva},
  publisher    = {WHO},
  year         = {1970},
}

[6] 河北绿洲生态环境科技有限公司.一种荒漠化地区生态植被综合培育种植方 法:中国,01129210.5[P].2001-10-24.

@patent{whu-bachelor:6,
  author       = {河北绿洲生态环境科技有限公司},
  title        = {一种荒漠化地区生态植被综合培育种植方法},
  address      = {中国},
  number       = {01129210.5},
  date         = {2001-10-24},
  urldate      = {2002-05-28},
  url          = {http://211.152.9.47/sipoasp/zlijs/hyjs-yx-new.asp?recid=01129210.5&leixin=0},
}

[7] GB/T16159-1996,汉语拼音证词法基本规则[S].北京:中国标准出版社， 1996.

@standard{whu-bachelor:7,
  title        = {GB/T 16159-1996, 汉语拼音证词法基本规则},
  address      = {北京},
  publisher    = {中国标准出版社},
  year         = {1996},
}

[8] 毛侠.情感工学破解“舒服之谜”[N].光明日报，2004-04-17(B1).

@newspaper{whu-bachelor:8,
  author       = {毛侠},
  title        = {情感工学破解“舒服之谜”},
  journal      = {光明日报},
  date         = {2004-04-17},
  number       = {B1},
}