% Encoding: UTF-8

@article{LXTX201902004,
author = {蒲慕明},
title = {脑科学的未来},
journal = {心理学通讯},
volume = {2},
pages = {80-83},
year = {2019},
issn = {2096-5494},
}    


@article{KYYX201907013,
author = {蒲慕明},
title = {脑科学研究的三大发展方向},
journal = {中国科学院院刊},
volume = {34},
 pages = {807-813},
year = {2019},
issn = {1000-3045},
doi = {10.16418/j.issn.1000-3045.2019.07.010}
}    


@article{jorgenson2015brain,
  title={The BRAIN Initiative: developing technology to catalyse neuroscience discovery},
  author={Jorgenson, Lyric A and Newsome, William T and Anderson, David J and Bargmann, Cornelia I and Brown, Emery N and Deisseroth, Karl and Donoghue, John P and Hudson, Kathy L and Ling, Geoffrey SF and MacLeish, Peter R and others},
  journal={Philosophical Transactions of the Royal Society B: Biological Sciences},
  volume={370},
  number={1668},
  pages={20140164},
  year={2015},
  publisher={The Royal Society}
}

@article{okano2015brain,
  title={Brain/MINDS: brain-mapping project in Japan},
  author={Okano, Hideyuki and Miyawaki, Atsushi and Kasai, Kiyoto},
  journal={Philosophical Transactions of the Royal Society B: Biological Sciences},
  volume={370},
  number={1668},
  pages={20140310},
  year={2015},
  publisher={The Royal Society}
}  

@article{naddaf2023europe,
  title={Europe spent€ 600 million to recreate the human brain in a computer. How did it go?},
  author={Naddaf, Miryam},
  journal={Nature},
  volume={620},
  number={7975},
  pages={718--720},
  year={2023}
}

@misc{china2021brain,
  author = {{中华人民共和国科学技术部}},
  title = {科技部关于发布科技创新2030 — “脑科学与类脑研究”重大项目2021年度项目申报指南的通知},
  howpublished = {Online},
  year = {2021},
  note = {[访问日期: 2022-06-01]},
  url = {https://service.most.gov.cn/kjjh_tztg_all/20210916/4583.html},
  urldate = {2022-06-01},
  type = {R}
}

@article{POO2016591,
title = {China Brain Project: Basic Neuroscience, Brain Diseases, and Brain-Inspired Computing},
journal = {Neuron},
volume = {92},
number = {3},
pages = {591-596},
year = {2016},
issn = {0896-6273},
doi = {https://doi.org/10.1016/j.neuron.2016.10.050},
url = {https://www.sciencedirect.com/science/article/pii/S0896627316308005},
author = {Mu-ming Poo and Jiu-lin Du and Nancy Y. Ip and Zhi-Qi Xiong and Bo Xu and Tieniu Tan}
}

@article{he2020brain,
  title={Brain--computer interfaces},
  author={He, Bin and Yuan, Han and Meng, Jianjun and Gao, Shangkai},
  journal={Neural engineering},
  pages={131--183},
  year={2020},
  publisher={Springer}
}

@article{ ZKLS202103005,
author = { 何艳 and  张通 },
title = {脑机接口技术在慢性脑卒中患者上肢康复中的研究进展},
journal = {中国康复理论与实践},
volume = {27},
pages = {277-281},
year = {2021},
issn = {1006-9771},
}


@article{pichiorri2015brain,
  title={Brain--computer interface boosts motor imagery practice during stroke recovery},
  author={Pichiorri, Floriana and Morone, Giovanni and Petti, Manuela and Toppi, Jlenia and Pisotta, Iolanda and Molinari, Marco and Paolucci, Stefano and Inghilleri, Maurizio and Astolfi, Laura and Cincotti, Febo and others},
  journal={Annals of neurology},
  volume={77},
  number={5},
  pages={851--865},
  year={2015},
  publisher={Wiley Online Library}
}

@article{altaheri2023deep,
  title={Deep learning techniques for classification of electroencephalogram (EEG) motor imagery (MI) signals: A review},
  author={Altaheri, Hamdi and Muhammad, Ghulam and Alsulaiman, Mansour and Amin, Syed Umar and Altuwaijri, Ghadir Ali and Abdul, Wadood and Bencherif, Mohamed A and Faisal, Mohammed},
  journal={Neural Computing and Applications},
  volume={35},
  number={20},
  pages={14681--14722},
  year={2023},
  publisher={Springer}
}

@inproceedings{chang1998annual,
  title={annual international conference of the IEEE engineering in medicine and biology society},
  author={Chang, HK and Zhang, YT},
  booktitle={Annual International Conference of the IEEE Engineering in Medicine and Biology Society},
  year={1998}
}

@article{sai2017automated,
  title={Automated classification and removal of EEG artifacts with SVM and wavelet-ICA},
  author={Sai, Chong Yeh and Mokhtar, Norrima and Arof, Hamzah and Cumming, Paul and Iwahashi, Masahiro},
  journal={IEEE journal of biomedical and health informatics},
  volume={22},
  number={3},
  pages={664--670},
  year={2017},
  publisher={IEEE}
}

@article{HJORTH1970306,
title = {EEG analysis based on time domain properties},
journal = {Electroencephalography and Clinical Neurophysiology},
volume = {29},
number = {3},
pages = {306-310},
year = {1970},
issn = {0013-4694},
doi = {https://doi.org/10.1016/0013-4694(70)90143-4},
url = {https://www.sciencedirect.com/science/article/pii/0013469470901434},
author = {Bo Hjorth}
}

@article{HSU2010295,
title = {EEG-based motor imagery classification using neuro-fuzzy prediction and wavelet fractal features},
journal = {Journal of Neuroscience Methods},
volume = {189},
number = {2},
pages = {295-302},
year = {2010},
issn = {0165-0270},
doi = {https://doi.org/10.1016/j.jneumeth.2010.03.030},
url = {https://www.sciencedirect.com/science/article/pii/S0165027010001858},
author = {Wei-Yen Hsu}
}

@ARTICLE{7448410,
  author={Luke, Robert and Wouters, Jan},
  journal={IEEE Transactions on Neural Systems and Rehabilitation Engineering}, 
  title={Kalman Filter Based Estimation of Auditory Steady State Response Parameters}, 
  year={2017},
  volume={25},
  number={3},
  pages={196-204},
  doi={10.1109/TNSRE.2016.2551302}
}

@article{pawar2020feature,
  title={Feature Extraction Methods for Electroencephalography based Brain-Computer Interface: A Review.},
  author={Pawar, Dipti and Dhage, Sudhir},
  journal={IAENG International Journal of Computer Science},
  volume={47},
  number={3},
  year={2020}
}

@inproceedings{wang2017tinnitus,
  title={Tinnitus EEG classification based on multi-frequency bands},
  author={Wang, Shao-Ju and Cai, Yue-Xin and Sun, Zhi-Ran and Wang, Chang-Dong and Zheng, Yi-Qing},
  booktitle={Neural Information Processing: 24th International Conference, ICONIP 2017, Guangzhou, China, November 14--18, 2017, Proceedings, Part IV 24},
  pages={788--797},
  year={2017},
  organization={Springer}
}

@inproceedings{kroupi2011eeg,
  title={EEG correlates of different emotional states elicited during watching music videos},
  author={Kroupi, Eleni and Yazdani, Ashkan and Ebrahimi, Touradj},
  booktitle={Affective Computing and Intelligent Interaction: Fourth International Conference, ACII 2011, Memphis, TN, USA, October 9--12, 2011, Proceedings, Part II},
  pages={457--466},
  year={2011},
  organization={Springer}
}

@article{herman2008comparative,
  title={Comparative analysis of spectral approaches to feature extraction for EEG-based motor imagery classification},
  author={Herman, Pawel and Prasad, Girijesh and McGinnity, Thomas Martin and Coyle, Damien},
  journal={IEEE Transactions on Neural Systems and Rehabilitation Engineering},
  volume={16},
  number={4},
  pages={317--326},
  year={2008},
  publisher={IEEE}
}

@inproceedings{wang2006common,
  title={Common spatial pattern method for channel selelction in motor imagery based brain-computer interface},
  author={Wang, Yijun and Gao, Shangkai and Gao, Xiaorong},
  booktitle={2005 IEEE engineering in medicine and biology 27th annual conference},
  pages={5392--5395},
  year={2006},
  organization={IEEE}
}

@inproceedings{ang2008filter,
  title={Filter bank common spatial pattern (FBCSP) in brain-computer interface},
  author={Ang, Kai Keng and Chin, Zheng Yang and Zhang, Haihong and Guan, Cuntai},
  booktitle={2008 IEEE international joint conference on neural networks (IEEE world congress on computational intelligence)},
  pages={2390--2397},
  year={2008},
  organization={IEEE}
}

@article{dornhege2006combined,
  title={Combined optimization of spatial and temporal filters for improving brain-computer interfacing},
  author={Dornhege, Guido and Blankertz, Benjamin and Krauledat, Matthias and Losch, Florian and Curio, Gabriel and Muller, K-R},
  journal={IEEE transactions on biomedical engineering},
  volume={53},
  number={11},
  pages={2274--2281},
  year={2006},
  publisher={IEEE}
}

@article{lemm2005spatio,
  title={Spatio-spectral filters for improving the classification of single trial EEG},
  author={Lemm, Steven and Blankertz, Benjamin and Curio, Gabriel and Muller, K-R},
  journal={IEEE transactions on biomedical engineering},
  volume={52},
  number={9},
  pages={1541--1548},
  year={2005},
  publisher={IEEE}
}

@article{mousavi2011wavelet,
  title={Wavelet common spatial pattern in asynchronous offline brain computer interfaces},
  author={Mousavi, Ebrahim A and Maller, Jerome J and Fitzgerald, Paul B and Lithgow, Brian J},
  journal={Biomedical Signal Processing and Control},
  volume={6},
  number={2},
  pages={121--128},
  year={2011},
  publisher={Elsevier}
}

@article{lawhern2018eegnet,
  title={EEGNet: a compact convolutional neural network for EEG-based brain--computer interfaces},
  author={Lawhern, Vernon J and Solon, Amelia J and Waytowich, Nicholas R and Gordon, Stephen M and Hung, Chou P and Lance, Brent J},
  journal={Journal of neural engineering},
  volume={15},
  number={5},
  pages={056013},
  year={2018},
  publisher={iOP Publishing}
}

@ARTICLE{730558,
  author={Itti, L. and Koch, C. and Niebur, E.},
  journal={IEEE Transactions on Pattern Analysis and Machine Intelligence}, 
  title={A model of saliency-based visual attention for rapid scene analysis}, 
  year={1998},
  volume={20},
  number={11},
  pages={1254-1259},
  keywords={Image analysis;Layout;Brain modeling;Computer architecture;Biological system modeling;Visual system;Neural networks;Feature extraction;Object detection;Hardware},
  doi={10.1109/34.730558}
  }

@INPROCEEDINGS{8578843,
  author={Hu, Jie and Shen, Li and Sun, Gang},
  booktitle={2018 IEEE/CVF Conference on Computer Vision and Pattern Recognition}, 
  title={Squeeze-and-Excitation Networks}, 
  year={2018},
  volume={},
  number={},
  pages={7132-7141},
  keywords={Computer architecture;Computational modeling;Convolution;Task analysis;Convolutional codes;Adaptation models;Stacking},
  doi={10.1109/CVPR.2018.00745}}


@article{jaderberg2015spatial,
  title={Spatial transformer networks},
  author={Jaderberg, Max and Simonyan, Karen and Zisserman, Andrew and others},
  journal={Advances in neural information processing systems},
  volume={28},
  year={2015}
}


@article{vaswani2017attention,
  title={Attention is all you need},
  author={Vaswani, Ashish and Shazeer, Noam and Parmar, Niki and Uszkoreit, Jakob and Jones, Llion and Gomez, Aidan N and Kaiser, {\L}ukasz and Polosukhin, Illia},
  journal={Advances in neural information processing systems},
  volume={30},
  year={2017}
}

@inproceedings{woo2018cbam,
  title={Cbam: Convolutional block attention module},
  author={Woo, Sanghyun and Park, Jongchan and Lee, Joon-Young and Kweon, In So},
  booktitle={Proceedings of the European conference on computer vision (ECCV)},
  pages={3--19},
  year={2018}
}

@inproceedings{roy2018concurrent,
  title={Concurrent Spatial and Channel Squeeze \& Excitation in Fully Convolutional Networks},
  author={Roy, Abhijit Guha and Navab, Nassir and Wachinger, Christian},
  booktitle={Medical Image Computing and Computer Assisted Intervention--MICCAI 2018: 21st International Conference, Granada, Spain, September 16-20, 2018, Proceedings, Part I},
  pages={421--429},
  year={2018},
  organization={Springer}
}

@inproceedings{he2016deep,
  title={Deep residual learning for image recognition},
  author={He, Kaiming and Zhang, Xiangyu and Ren, Shaoqing and Sun, Jian},
  booktitle={Proceedings of the IEEE conference on computer vision and pattern recognition},
  pages={770--778},
  year={2016}
}

@inproceedings{huang2017densely,
  title={Densely connected convolutional networks},
  author={Huang, Gao and Liu, Zhuang and Van Der Maaten, Laurens and Weinberger, Kilian Q},
  booktitle={Proceedings of the IEEE conference on computer vision and pattern recognition},
  pages={4700--4708},
  year={2017}
}

@article{schirrmeister2017deep,
  title={Deep learning with convolutional neural networks for EEG decoding and visualization},
  author={Schirrmeister, Robin Tibor and Springenberg, Jost Tobias and Fiederer, Lukas Dominique Josef and Glasstetter, Martin and Eggensperger, Katharina and Tangermann, Michael and Hutter, Frank and Burgard, Wolfram and Ball, Tonio},
  journal={Human brain mapping},
  volume={38},
  number={11},
  pages={5391--5420},
  year={2017},
  publisher={Wiley Online Library}
}

@inproceedings{wang2018non,
  title={Non-local neural networks},
  author={Wang, Xiaolong and Girshick, Ross and Gupta, Abhinav and He, Kaiming},
  booktitle={Proceedings of the IEEE conference on computer vision and pattern recognition},
  pages={7794--7803},
  year={2018}
}


@inproceedings{sakhavi2015parallel,
  title={Parallel convolutional-linear neural network for motor imagery classification},
  author={Sakhavi, Siavash and Guan, Cuntai and Yan, Shuicheng},
  booktitle={2015 23rd European signal processing conference (EUSIPCO)},
  pages={2736--2740},
  year={2015},
  organization={IEEE}
}

@article{tangermann2012review,
  title={Review of the BCI competition IV},
  author={Tangermann, Michael and M{\"u}ller, Klaus-Robert and Aertsen, Ad and Birbaumer, Niels and Braun, Christoph and Brunner, Clemens and Leeb, Robert and Mehring, Carsten and Mueller-Putz, Gernot and Nolte, Guido and others},
  journal={Frontiers in neuroscience},
  volume={6},
  pages={21084},
  year={2012},
  publisher={Frontiers}
}

@article{mane2021fbcnet,
  title={FBCNet: A multi-view convolutional neural network for brain-computer interface},
  author={Mane, Ravikiran and Chew, Effie and Chua, Karen and Ang, Kai Keng and Robinson, Neethu and Vinod, A Prasad and Lee, Seong-Whan and Guan, Cuntai},
  journal={arXiv preprint arXiv:2104.01233},
  year={2021}
}

@article{hendrycks2016gaussian,
  title={Gaussian error linear units (gelus)},
  author={Hendrycks, Dan and Gimpel, Kevin},
  journal={arXiv preprint arXiv:1606.08415},
  year={2016}
}

@inproceedings{szegedy2015going,
  title={Going deeper with convolutions},
  author={Szegedy, Christian and Liu, Wei and Jia, Yangqing and Sermanet, Pierre and Reed, Scott and Anguelov, Dragomir and Erhan, Dumitru and Vanhoucke, Vincent and Rabinovich, Andrew},
  booktitle={Proceedings of the IEEE conference on computer vision and pattern recognition},
  pages={1--9},
  year={2015}
}

@inproceedings{szegedy2016rethinking,
  title={Rethinking the inception architecture for computer vision},
  author={Szegedy, Christian and Vanhoucke, Vincent and Ioffe, Sergey and Shlens, Jon and Wojna, Zbigniew},
  booktitle={Proceedings of the IEEE conference on computer vision and pattern recognition},
  pages={2818--2826},
  year={2016}
}

@inproceedings{szegedy2017inception,
  title={Inception-v4, inception-resnet and the impact of residual connections on learning},
  author={Szegedy, Christian and Ioffe, Sergey and Vanhoucke, Vincent and Alemi, Alexander},
  booktitle={Proceedings of the AAAI conference on artificial intelligence},
  volume={31},
  number={1},
  year={2017}
}

@inproceedings{ronneberger2015u,
  title={U-net: Convolutional networks for biomedical image segmentation},
  author={Ronneberger, Olaf and Fischer, Philipp and Brox, Thomas},
  booktitle={Medical image computing and computer-assisted intervention--MICCAI 2015: 18th international conference, Munich, Germany, October 5-9, 2015, proceedings, part III 18},
  pages={234--241},
  year={2015},
  organization={Springer}
}


@article{santamaria2020eeg,
  title={EEG-inception: a novel deep convolutional neural network for assistive ERP-based brain-computer interfaces},
  author={Santamaria-Vazquez, Eduardo and Martinez-Cagigal, Victor and Vaquerizo-Villar, Fernando and Hornero, Roberto},
  journal={IEEE Transactions on Neural Systems and Rehabilitation Engineering},
  volume={28},
  number={12},
  pages={2773--2782},
  year={2020},
  publisher={IEEE}
}

@article{rubner2000earth,
  title={The earth mover's distance as a metric for image retrieval},
  author={Rubner, Yossi and Tomasi, Carlo and Guibas, Leonidas J},
  journal={International journal of computer vision},
  volume={40},
  pages={99--121},
  year={2000},
  publisher={Springer}
}

@article{noble2006support,
  title={What is a support vector machine?},
  author={Noble, William S},
  journal={Nature biotechnology},
  volume={24},
  number={12},
  pages={1565--1567},
  year={2006},
  publisher={Nature Publishing Group UK London}
}

@article{song2022eeg,
  title={EEG conformer: Convolutional transformer for EEG decoding and visualization},
  author={Song, Yonghao and Zheng, Qingqing and Liu, Bingchuan and Gao, Xiaorong},
  journal={IEEE Transactions on Neural Systems and Rehabilitation Engineering},
  volume={31},
  pages={710--719},
  year={2022},
  publisher={IEEE}
}

@article{zhao2019deep,
  title={Deep residual shrinkage networks for fault diagnosis},
  author={Zhao, Minghang and Zhong, Shisheng and Fu, Xuyun and Tang, Baoping and Pecht, Michael},
  journal={IEEE Transactions on Industrial Informatics},
  volume={16},
  number={7},
  pages={4681--4690},
  year={2019},
  publisher={IEEE}
}

@article{wright2009sparse,
  title={Sparse reconstruction by separable approximation},
  author={Wright, Stephen J and Nowak, Robert D and Figueiredo, M{\'a}rio AT},
  journal={IEEE Transactions on signal processing},
  volume={57},
  number={7},
  pages={2479--2493},
  year={2009},
  publisher={IEEE}
}